%%%%%%%%%%%%%%%%%%%%%%%%%%%%%%%%%%%%%%%%%%%%%%%%%%%%%%%%%%%%%%%%%%%%%%%%%%%%%%%%
% File: refs482notes.bib
% Project: MA482 Notes
% Description: Bibliography for MA482 Course Notes

@article{Wickham2014,
  author = {Wickham, Hadley},
  title = {Tidy Data},
  journal = {Journal of Statistical Software},
  year = {2014},
  volume = {59},
  number = {10},
  pages = {1-23},
}
  
@book{Rosner2006,
  author = {Rosner, Bernard},
  title = {Fundamentals of Biostatistics},
  date = {2006},
  edition = {6th},
  publisher = {Thomson-Brooks/Cole},
  location = {CA},
}

@book{Vittinghoff2012,
  author = {Vittinghoff, Eric and Glidden, David V. and Shiboski, Stephen C. and McCulloch, Charles E.},
  title = {Regression Methods in Biostatistics: Linear Logistic, Survival, and Repeated Measures Models},
  date = {2012},
  edition = {2nd},
  publisher = {Springer-Verlag},
  location = {NY},
}
  
  
